<ENVELOPE><HEADER><TALLYREQUEST>Import Data</TALLYREQUEST></HEADER><BODY><IMPORTDATA><REQUESTDESC><REPORTNAME>Vouchers</REPORTNAME></REQUESTDESC><REQUESTDATA><TALLYMESSAGE xmlns:UDF='TallyUDF'><VOUCHER   REMOTEID='525a820d-51cc-43c4-9e4b-5f74d559486e' VCHTYPE='Sales' ACTION='CREATE'><DATE>20140105</DATE><PARTYNAME>SHINDENGEN INDIA PRIVATE LIMITED</PARTYNAME><NARRATION>JobNo :  00020 BL No : OOLU2544525880 dt.14/03/2014 BE No : 5076386 dt.04/02/2014 Item : REGULATOR RECTI Qty : 2 PKG/492 KGS Ref : </NARRATION><VOUCHERTYPENAME>Sales</VOUCHERTYPENAME><VOUCHERNUMBER>5021</VOUCHERNUMBER><REFERENCE>00020/SIPM</REFERENCE><PARTYLEDGERNAME>SHINDENGEN INDIA PRIVATE LIMITED</PARTYLEDGERNAME><ALLLEDGERENTRIES.LIST><LEDGERNAME>SHINDENGEN INDIA PRIVATE LIMITED</LEDGERNAME><ISDEEMEDPOSITIVE>Yes</ISDEEMEDPOSITIVE><LEDGERFROMITEM>No</LEDGERFROMITEM><REMOVEZEROENTRIES>No</REMOVEZEROENTRIES><ISPARTYLEDGER>Yes</ISPARTYLEDGER><ISLASTDEEMEDPOSITIVE>Yes</ISLASTDEEMEDPOSITIVE><AMOUNT>-3200.00</AMOUNT><BILLALLOCATIONS.LIST><NAME>00020/SIPM</NAME><BILLTYPE>New Ref</BILLTYPE><TDSDEDUCTEEISSPECIALRATE>No</TDSDEDUCTEEISSPECIALRATE><AMOUNT>-3200.00</AMOUNT><INTERESTCOLLECTION.LIST /></BILLALLOCATIONS.LIST></ALLLEDGERENTRIES.LIST><ALLLEDGERENTRIES.LIST><LEDGERNAME>(SCH-I)(SL.NO.1(b(I)) - Loading at Wharf into trucks/trailers/wagons for direct dispatchLoading from wharfBy Ch.P.T.Gear</LEDGERNAME><ISDEEMEDPOSITIVE>No</ISDEEMEDPOSITIVE><AMOUNT>1200.00</AMOUNT><CATEGORYALLOCATIONS.LIST><CATEGORY>Primary Cost Category</CATEGORY><ISDEEMEDPOSITIVE>No</ISDEEMEDPOSITIVE><COSTCENTREALLOCATIONS.LIST><NAME>00020/SIPM</NAME><AMOUNT>1200.00</AMOUNT></COSTCENTREALLOCATIONS.LIST></CATEGORYALLOCATIONS.LIST></ALLLEDGERENTRIES.LIST><ALLLEDGERENTRIES.LIST><LEDGERNAME>(SCH-I)(SL.NO.1(b(I)) - Loading at Wharf into trucks/trailers/wagons for direct dispatchLoading from wharfBy Ch.P.T.Gear</LEDGERNAME><ISDEEMEDPOSITIVE>No</ISDEEMEDPOSITIVE><AMOUNT>1500.00</AMOUNT><CATEGORYALLOCATIONS.LIST><CATEGORY>Primary Cost Category</CATEGORY><ISDEEMEDPOSITIVE>No</ISDEEMEDPOSITIVE><COSTCENTREALLOCATIONS.LIST><NAME>00020/SIPM</NAME><AMOUNT>1500.00</AMOUNT></COSTCENTREALLOCATIONS.LIST></CATEGORYALLOCATIONS.LIST></ALLLEDGERENTRIES.LIST><ALLLEDGERENTRIES.LIST><LEDGERNAME>(SCH-I)(SL.NO.1(b)) - Loading at Wharf into trucks/trailers/wagons for direct dispatch Loading from wharf</LEDGERNAME><ISDEEMEDPOSITIVE>No</ISDEEMEDPOSITIVE><AMOUNT>500.00</AMOUNT><CATEGORYALLOCATIONS.LIST><CATEGORY>Primary Cost Category</CATEGORY><ISDEEMEDPOSITIVE>No</ISDEEMEDPOSITIVE><COSTCENTREALLOCATIONS.LIST><NAME>00020/SIPM</NAME><AMOUNT>500.00</AMOUNT></COSTCENTREALLOCATIONS.LIST></CATEGORYALLOCATIONS.LIST></ALLLEDGERENTRIES.LIST><ALLLEDGERENTRIES.LIST><LEDGERNAME>SERVICE TAX  @12%</LEDGERNAME><ISDEEMEDPOSITIVE>No</ISDEEMEDPOSITIVE><AMOUNT>0.00</AMOUNT><CATEGORYALLOCATIONS.LIST><CATEGORY>Primary Cost Category</CATEGORY><ISDEEMEDPOSITIVE>No</ISDEEMEDPOSITIVE><COSTCENTREALLOCATIONS.LIST><NAME>00020/SIPM</NAME><AMOUNT>0.00</AMOUNT></COSTCENTREALLOCATIONS.LIST></CATEGORYALLOCATIONS.LIST></ALLLEDGERENTRIES.LIST><ALLLEDGERENTRIES.LIST><LEDGERNAME>EDUCATIONAL CESS @2%</LEDGERNAME><ISDEEMEDPOSITIVE>No</ISDEEMEDPOSITIVE><AMOUNT>0.00</AMOUNT><CATEGORYALLOCATIONS.LIST><CATEGORY>Primary Cost Category</CATEGORY><ISDEEMEDPOSITIVE>No</ISDEEMEDPOSITIVE><COSTCENTREALLOCATIONS.LIST><NAME>00020/SIPM</NAME><AMOUNT>0.00</AMOUNT></COSTCENTREALLOCATIONS.LIST></CATEGORYALLOCATIONS.LIST></ALLLEDGERENTRIES.LIST><ALLLEDGERENTRIES.LIST><LEDGERNAME>SECONDARY AND HIGHER ED.CESS @1%</LEDGERNAME><ISDEEMEDPOSITIVE>No</ISDEEMEDPOSITIVE><AMOUNT>0.00</AMOUNT><CATEGORYALLOCATIONS.LIST><CATEGORY>Primary Cost Category</CATEGORY><ISDEEMEDPOSITIVE>No</ISDEEMEDPOSITIVE><COSTCENTREALLOCATIONS.LIST><NAME>00020/SIPM</NAME><AMOUNT>0.00</AMOUNT></COSTCENTREALLOCATIONS.LIST></CATEGORYALLOCATIONS.LIST></ALLLEDGERENTRIES.LIST></VOUCHER></TALLYMESSAGE></REQUESTDATA></IMPORTDATA></BODY></ENVELOPE>